% This file was created with JabRef 2.7.
% Encoding: Cp1252

@ARTICLE{Ber59,
  author = {Bertodo, R.},
  title = {Development of High-temperature Strain Gauges},
  journal = {Proceedings of the Institution of Mechanical Engineers},
  year = {1959},
  volume = {173},
  pages = {605 -- 616},
  number = {23},
  owner = {Daniel},
  timestamp = {2011.05.29}
}

@INPROCEEDINGS{Hussong08,
	author = {Hussong, Andreas and Rau, Thomas and Eilers, Hubertus and Baron,
	Stephan and Heimann, Bodo and Leinung, Martin and Lenarz, Thomas
	and Majdani, Omid},
	title = {Conception and design of an automated insertion tool for cochlear
	implants},
	booktitle = {Proc. 30th Annual Int. Conf. of the IEEE Engineering in Medicine
	and Biology Society EMBS 2008},
	year = {2008},
	pages = {5593--5596},
	doi = {10.1109/IEMBS.2008.4650482},
	owner = {Daniel},
	timestamp = {2011.05.12}
}

@ELECTRONIC{TUM2011,
	author = {Technische Universität München},
	month = {10},
	year = {2011},
	title = {TUM Rosie and PR2 James make pancakes together},
	language = {Englisch},
	note = {Abrufdatum: 18.12.2011},
	url = {http://www.willowgarage.com/blog/2010/10/21/tum-rosie-and-pr2-james-make-pancakes-together},
	owner = {youBotOne},
}

@BOOK{Wintermantel09,
	title = {Medizintechnik -- Life Science Engineering},
	publisher = {Springer},
	year = {2009},
	author = {Erich Wintermantel and Suk-Woo Ha},
	pages = {1401 -- 1417},
	address = {München, Schaffhausen},
	edition = {5. Auflage},
	month = {3},
	chapter = {Funktionsersatz des Innenohres},
	owner = {Daniel},
	timestamp = {2011.06.27}
}

@ELECTRONIC{WillowGarage2010,
	author = {{Willow Garage}},
	month = {05},
	year = {2010},
	title = {The Results Are In: PR2 Beta Program Recipients!},
	language = {Englisch},
	url = {http://www.willowgarage.com/blog/2010/05/04/pr2-beta-program-recipients},
	note = {Abrufdatum: 16.08.2011},
	owner = {youBotOne},
	timestamp = {2011.08.16}
}



@BOOK{Boenninghaus05,
  title = {Hals-Nasen-Ohren-Heilkunde},
  publisher = {Springer},
  year = {2005},
  author = {Hans-Georg Boenninghaus and Thomas Lenarz},
  address = {Heidelberg},
  edition = {12. Auflage},
  owner = {Daniel},
  timestamp = {2011.06.27}
}

@BOOK{Gross09,
  title = {Technische Mechanik -- Band 2: Elastostatik},
  publisher = {Springer},
  year = {2009},
  author = {Dietmar Gross and Werner Hauger and Jörg Schröder and Wolfgang A.
	Wall},
  address = {Darmstadt, Essen, München},
  edition = {10. Auflage},
  month = {Januar},
  owner = {Daniel},
  timestamp = {2011.06.14}
}

@BOOK{Goerne06,
  title = {Tontechnik},
  publisher = {Hanser Verlag},
  year = {2006},
  author = {Thomas Görne},
  address = {Detmold, Svensbyn},
  edition = {2. Auflage},
  month = {Juni},
  owner = {Daniel},
  timestamp = {2011.06.27}
}

@BOOK{Heimann06,
  title = {Mechatronik, Komponenten -- Methoden -- Beispiele},
  publisher = {Hanser Verlag},
  year = {2006},
  author = {Bodo Heimann and Wilfried Gerth and Karl Popp},
  pages = {399},
  address = {Hannover},
  edition = {3. Auflage},
  month = {August},
  owner = {Daniel},
  timestamp = {2011.05.13}
}

@BOOK{Hilleringmann06,
  title = {Mikrosystemtechnik -- Prozessschritte, Technologien, Anwendungen},
  publisher = {Teubner Verlag},
  year = {2006},
  author = {Ulrich Hilleringmann},
  address = {Wiesbaden},
  edition = {1. Auflage},
  month = {April},
  owner = {Daniel},
  timestamp = {2011.06.23}
}

@BOOK{Hoffmann87,
  title = {Eine Einführung in die Technik des Messens mit Dehnungsmessstreifen},
  publisher = {Hottinger Baldwin Messtechnik GmbH},
  year = {1987},
  author = {Karl Hoffmann},
  pages = {291},
  address = {Darmstadt},
  owner = {Daniel},
  timestamp = {2011.05.06},
}

@INPROCEEDINGS{Hussong08,
  author = {Hussong, Andreas and Rau, Thomas and Eilers, Hubertus and Baron,
	Stephan and Heimann, Bodo and Leinung, Martin and Lenarz, Thomas
	and Majdani, Omid},
  title = {Conception and design of an automated insertion tool for cochlear
	implants},
  booktitle = {Proc. 30th Annual Int. Conf. of the IEEE Engineering in Medicine
	and Biology Society EMBS 2008},
  year = {2008},
  pages = {5593--5596},
  doi = {10.1109/IEMBS.2008.4650482},
  owner = {Daniel},
  timestamp = {2011.05.12}
}

@ARTICLE{Hussong08a,
  author = {Andreas Hussong and Thomas Rau and Hubertus Eilers and Stephan Baron
	and Bodo Heimann and Martin Leinung and Thomas Lenarz and Omid Majdani},
  title = {Conception and design of an automated insertion tool for cochlear
	implants.},
  journal = {Conf Proc IEEE Eng Med Biol Soc},
  year = {2008},
  volume = {2008},
  pages = {5593--5596},
  abstract = {Cochlear implants (CI) are electronic devices incorporating an electrode
	inserted into the human cochlea for direct electric stimulation of
	the auditory nerve. The implantation has become the standard treatment
	for patients with severe-to-profound sensorineural loss not aidable
	with conventional hearing aids. The state of the art operative technique
	is a facial recess approach to the middle ear, following the opening
	of the scala tympani (cochleostomy) and insertion of the electrode
	array. The facial recess approach is applicable only by experienced
	surgeons and optimal CI results primarily depend on optimal electrode
	placement and minimal traumatic insertion. This also requires a certain
	amount of experience. Additionally several groups work on minimally-invasive
	approaches to the cochlea, resulting in the necessity to insert the
	implant via a keyhole access, which is not applicable with current
	techniques. This paper presents a mechatronic device for an automated
	insertion of the electrode array of a cochlear implant system. Being
	designed especially for minimally-invasive approaches, the tool is
	also applicable for regular facial recess approaches. Moreover the
	device allows reliable and repeatable insertion studies at synthetic
	models or cadaver specimen. The functionality of the tool is proofed
	with first experiments on a synthetic model.},
  doi = {10.1109/IEMBS.2008.4650482},
  institution = {Institute of Robotics, Leibniz Universität Hannover, Germany.},
  keywords = {Cochlear Implantation, instrumentation/methods; Cochlear Implants;
	Equipment Design; Equipment Failure Analysis; Micro-Electrical-Mechanical
	Systems, instrumentation/methods; Reproducibility of Results; Robotics,
	instrumentation/methods; Sensitivity and Specificity},
  language = {eng},
  medline-pst = {ppublish},
  owner = {Daniel},
  pmid = {19163985},
  timestamp = {2011.05.12},
  url = {http://dx.doi.org/10.1109/IEMBS.2008.4650482}
}

@ARTICLE{Hussong10,
  author = {Andreas Hussong and Thomas S Rau and Tobias Ortmaier and Bodo Heimann
	and Thomas Lenarz and Omid Majdani},
  title = {An automated insertion tool for cochlear implants: another step towards
	atraumatic cochlear implant surgery.},
  journal = {Int J Comput Assist Radiol Surg},
  year = {2010},
  volume = {5},
  pages = {163--171},
  number = {2},
  month = {Mar},
  abstract = {Atraumatic electrode insertion has been identified to be a crucial
	step for the preservation of residual hearing abilities, which allows
	hybrid electro-acoustic stimulation (EAS). The authors propose a
	tool for automation of the insertion process to achieve this.General
	benefits as well as concept and design of an automated insertion
	tool are presented. Thirty insertions of Nucleus 24 Contour Advance
	Practice Electrodes in an artificial scala tympani model as well
	as 20 insertions in a human cochlea specimen were performed using
	the tool, implementing the AOS technique. For both studies, the achieved
	insertion depth angle was evaluated by photographic or X-ray documentation.The
	mean achieved insertion depth angle was 410 degrees for the lubricated
	model and 330 degrees for the human cochlea specimen.The automated
	insertion tool has proven its capability to perform electrode insertions
	with final insertion depth angles within the target range of a standard
	cochlear implant surgery. Additionally, to the knowledge of the authors,
	it represents the only possibility to automatically insert cochlear
	implant electrodes via minimally invasive approaches.},
  doi = {10.1007/s11548-009-0368-0},
  institution = {Institute of Mechatronic Systems (former Institute of Robotics),
	Leibniz Universität Hannover, Appelstrasse 11a, 30167, Hannover,
	Germany. andreas.hussong@imes.uni-hannover.de},
  keywords = {Acoustic Stimulation; Cochlear Implantation, instrumentation/methods;
	Cochlear Implants; Electrodes, Implanted; Equipment Design; Humans;
	Micro-Electrical-Mechanical Systems, instrumentation; Models, Statistical;
	Surgical Procedures, Minimally Invasive},
  language = {eng},
  medline-pst = {ppublish},
  owner = {Daniel},
  pmid = {20033518},
  timestamp = {2011.05.12},
  url = {http://dx.doi.org/10.1007/s11548-009-0368-0}
}

@ARTICLE{IvdHG+99,
  author = {A. Illg and S. von der Haar-Heise and J. E. Goldring and A. Lesinski-Schiedat
	and R. D. Battmer and T. Lenarz},
  title = {Speech perception results for children implanted with the CLARION
	cochlear implant at the Medical University of Hannover.},
  journal = {Ann Otol Rhinol Laryngol Suppl},
  year = {1999},
  volume = {177},
  pages = {93--98},
  month = {Apr},
  __markedentry = {[Daniel]},
  abstract = {The perception of speech of 167 children implanted with a CLARION
	Multi-Strategy Cochlear Implant (1.2 device) was evaluated preimplantation
	and at 3, 6, 12, 18, and 24 months postimplantation. The children
	were between 15 months and 15 years of age. The test materials consisted
	of 8 tests involving syllable structure, single- and 2-syllable words,
	differentiation of word pairs, and sentences. Two difficulty levels
	were used, depending on developmental age (<7, and 7 to 15 years).
	There was an improvement in test scores over time for both age groups.
	The younger children (particularly those under age 4) improved steadily
	over the first 2 years, while the older children tended to plateau
	between 12 and 18 months after implantation. These findings demonstrate
	that deaf children up to 15 years old benefit from cochlear implants.
	Children under 4 years of age may even have the ability to compensate
	for delays in speech development before they reach school age.},
  institution = {Department of Otolaryngology, Medizinische Hochschule Hannover, Germany.},
  keywords = {Adolescent; Auditory Perception, physiology; Child; Child, Preschool;
	Cochlear Implantation; Cochlear Implants; Deafness, rehabilitation/surgery;
	Hearing Tests; Humans; Infant; Speech Perception, physiology},
  language = {eng},
  medline-pst = {ppublish},
  owner = {Daniel},
  pmid = {10214810},
  timestamp = {2011.07.01}
}

@ARTICLE{Kan82,
  author = {Kanda, Y.},
  title = {A graphical representation of the piezoresistance coefficients in
	silicon},
  journal = {IEEE Transactions on Electron Devices},
  year = {1982},
  volume = {29},
  pages = {64--70},
  number = {1},
  doi = {10.1109/T-ED.1982.20659},
  owner = {Daniel},
  timestamp = {2011.06.23}
}

@ARTICLE{Kehrer02,
  author = {Reinhard Kehrer},
  title = {... in Richtung Sonnenaufgang -- Neue Horizonte in der Trägerfrequenztechnik},
  journal = {MessTec \& Automation},
  year = {2002},
  volume = {4},
  pages = {42 -- 44},
  owner = {Daniel},
  timestamp = {2011.05.09}
}

@MANUAL{Halbleiter-DMSZEMSG07,
  title = {Halbleiter-DMS -- Technisches Informationsblatt},
  author = {Stephan Keil},
  organization = {ZSE Electronic Mess-Systeme \& Sensortechnik GmbH},
  address = {Bietigheim-Bissingen},
  edition = {02/01},
  month = {März},
  year = {2007},
  note = {Technische Daten},
  owner = {Daniel},
  timestamp = {2011.06.08}
}

@ARTICLE{Kumme2008,
  author = {Rolf Kumme and Jens Illemann and Vladimir Nesterov and Uwe Brand},
  title = {Kraftmessung von Mega- bis Nanonewton},
  journal = {PTB-Mitteilungen},
  year = {2008},
  volume = {3},
  pages = {143 -- 151},
  number = {118},
  month = {September},
  part = {2},
  owner = {beckmann},
  timestamp = {2011.08.26}
}

@BOOK{Laible09,
  title = {Mechanische Größen, elektrisch gemessen : Grundlagen und Beispiele
	zur technischen Ausführung ; mit 5 Tabellen},
  publisher = {Expert-Verlag},
  year = {2009},
  author = {Michael Laible and Robert K. Müller and Berhard Bill and Klaus Gehrke},
  volume = {45},
  pages = {255},
  address = {Renningen},
  edition = {7. Auflage},
  booktitle = {Kontakt \& Studium ; 45},
  comment = {Literaturverz. S. 245 - 250},
  keywords = {Mechanische Größe / Elektrische Messung, Mechanische Größe / Elektrische
	Messung},
  owner = {Daniel},
  refid = {587279532},
  timestamp = {2011.05.11},
  url = {http://www.gbv.de/dms/bs/toc/587279532.pdf}
}

@ARTICLE{Majdani10,
  author = {Omid Majdani and Daniel Schurzig and Andreas Hussong and Thomas Rau
	and Justin Wittkopf and Thomas Lenarz and Robert F Labadie},
  title = {Force measurement of insertion of cochlear implant electrode arrays
	in vitro: comparison of surgeon to automated insertion tool.},
  journal = {Acta Otolaryngol},
  year = {2010},
  volume = {130},
  pages = {31--36},
  number = {1},
  abstract = {We have demonstrated that an automated insertion tool (i.e. a robot)
	can be used to duplicate a complex surgical motion in inserting cochlear
	implant (CI) electrode arrays via the 'advance-off-stylet' (AOS)
	technique. As compared with human operators, the forces generated
	by the robot were slightly larger but the robot was more reliable
	(i.e. less force maxima).We present force data collected during CI
	electrode insertion by human operators and by an automated insertion
	tool.Using a three-dimensional, anatomically correct, translucent
	model of the scala tympani chamber of the cochlea, CI electrodes
	were inserted either by one of three surgeons (26 insertions) or
	by the robotic insertion tool (8 insertions). Force was recorded
	using a load beam cell calibrated for expected forces of <0.1 Newtons
	(N). The insertions were also videotaped to allow correlation of
	force with depth of penetration into the cochlea and speed of insertion.Average
	insertion force used by the surgeons was 0.004+/-0.001 N and for
	the insertion tool it was 0.005+/-0.014 N (p<0.00001, Student's t
	test). While the average insertion force of the automated tool was
	larger than that of the surgeons, the surgeons did have intermittent
	peaks during the AOS component of the insertion (between 120 degrees
	and 200 degrees ).},
  doi = {10.3109/00016480902998281},
  institution = {Vanderbilt University Medical Center, Department of Otolaryngology-Head
	and Neck Surgery, Nashville, TN 37232, USA.},
  keywords = {Biomechanics; Cochlear Implantation, instrumentation; Electrodes,
	Implanted; Equipment Design; Humans; Microsurgery, instrumentation;
	Models, Anatomic; Reproducibility of Results; Robotics, instrumentation;
	Scala Tympani, surgery; Software; Surgical Instruments; Time and
	Motion Studies; Video Recording},
  language = {eng},
  medline-pst = {ppublish},
  owner = {Daniel},
  pii = {911832745},
  pmid = {19484593},
  timestamp = {2011.05.12},
  url = {http://dx.doi.org/10.3109/00016480902998281}
}

@TECHREPORT{MZ10,
  author = {Roland Mühler and Michael Ziese},
  title = {Technischer Leitfaden Cochlea Implantat},
  institution = {Universitäts-HNO-Klinik Magdeburg},
  year = {2010},
  address = {Magdeburg},
  owner = {Daniel},
  timestamp = {2011.07.02}
}



@MISC{Ortmaier11,
  author = {Tobias Ortmaier},
  title = {Skript zur Vorlesung Robotik I},
  month = {Oktober},
  year = {2011},
  address = {Institut für Mechatronische Systeme, Leibniz Universität Hannover},
  owner = {Daniel},
  timestamp = {2011.09.02}
}

@MISC{Ortmaier11a,
  author = {Tobias Ortmaier},
  title = {Skript zur Vorlesung Robotik II},
  month = {April},
  year = {2011},
  address = {Institut für Mechatronische Systeme, Leibniz Universität Hannover},
  owner = {Daniel},
  timestamp = {2011.09.02}
}

@BOOK{Roddeck06,
  title = {Einführung in die Mechatronik},
  publisher = {Teubner Verlag},
  year = {2006},
  author = {Werner Roddeck},
  pages = {483},
  address = {Wiesbaden},
  edition = {3. Auflage},
  month = {August},
  owner = {Daniel},
  timestamp = {2011.06.05}
}

@ARTICLE{Schurzig11,
  author = {Schurzig, D. and Labadie, R. F. and Hussong, A. and Rau, T. S. and
	Webster, III, R. J.},
  title = {Design of a Tool Integrating Force Sensing With Automated Insertion
	in Cochlear Implantation},
  journal = {IEEE/ASME Transactions on Mechatronics},
  year = {2011},
  pages = {1--9},
  number = {99},
  note = {Early Access},
  doi = {10.1109/TMECH.2011.2106795},
  owner = {Daniel},
  timestamp = {2011.05.11}
}

@INPROCEEDINGS{Schurzig10,
  author = {Schurzig, D. and Labadie, R. F. and Hussong, A. and Rau, T. S. and
	Webster, R. J. },
  title = {A force sensing Automated Insertion Tool for cochlear electrode implantation},
  booktitle = {Proc. IEEE Int Robotics and Automation (ICRA) Conf},
  year = {2010},
  pages = {3674--3679},
  doi = {10.1109/ROBOT.2010.5509341},
  owner = {Daniel},
  timestamp = {2011.05.11}
}

@BOOK{Tietze07,
  title = {Halbleiterschaltungstechnik},
  publisher = {Springer},
  year = {2007},
  author = {Ulrich Tietze and Christoph Schenk},
  address = {Berlin, Heidelberg, New York},
  edition = {12. Auflage},
  owner = {Daniel},
  timestamp = {2011.05.25}
}

@BOOK{Gevatter06,
  title = {Handbuch der Mess- und Automatisierungstechnik in der Produktion},
  publisher = {Springer},
  year = {2006},
  editor = {Hans-Jürgen Gevatter and Ulrich Grünhaupt},
  address = {Berlin, Heidelberg, New York},
  edition = {2. Auflage},
  month = {März},
  owner = {Daniel},
  timestamp = {2011.06.19}
}

@BOOK{Grote07,
  title = {Dubbel -- Taschenbuch für den Maschinenbau},
  publisher = {Springer},
  year = {2007},
  editor = {K.-H. Grote and J. Feldhusen},
  pages = {1810},
  address = {Berlin},
  edition = {22. Auflage},
  owner = {Daniel},
  timestamp = {2011.06.03}
}

@BOOK{Hoffmann07,
  title = {Taschenbuch der Messtechnik},
  publisher = {Carl Hanser Verlag},
  year = {2007},
  editor = {Jörg Hoffmann},
  pages = {678},
  address = {Osnabrück},
  edition = {5. Auflage},
  month = {August},
  owner = {Daniel},
  timestamp = {2011.05.05}
}

@BOOK{Wallaschek07,
  title = {Formelsammlung zur Technischen Mechanik I -- IV},
  publisher = {Institutsverbund für Mechanik},
  year = {2007},
  editor = {Jörg Wallaschek},
  address = {Hannover},
  month = {September},
  owner = {Daniel},
  timestamp = {2011.06.14}
}

@MANUAL{CochlearCL11,
  title = {Cochlear Nucleus 5 System},
  organization = {Cochlear Ltd},
  address = {Hannover},
  edition = {N34546F ISS3},
  month = {Januar},
  year = {2011},
  note = {Broschüre},
  owner = {Daniel},
  timestamp = {2011.06.30}
}

@MANUAL{AuswahlVPGM10,
  title = {Auswahl von DMS -- Kriterien, Verfahren, Empfehlungen},
  organization = {Vishay Precision Group Micro-Measurements},
  address = {Heilbronn, Deutschland},
  edition = {Tech Note TN-505-4},
  month = {Mai},
  year = {2010},
  note = {Technische Daten},
  owner = {Daniel},
  timestamp = {2011.06.08},
  url = {www.micro-measurements.com}
}

@MANUAL{DehnungsmessstreifenHBMG10,
  title = {Dehnungsmessstreifen und Zubehör},
  organization = {Hottinger Baldwin Messtechnik GmbH},
  address = {Darmstadt},
  edition = {S1264-3.0 de},
  month = {Mai},
  year = {2010},
  note = {Technische Daten},
  owner = {Daniel},
  timestamp = {2011.06.01},
  url = {www.hbm.com/de/}
}

@MANUAL{MessverstaerkersystemHBMG10,
  title = {Messverstärkersystem MGCplus -- Technische Daten},
  organization = {Hottinger Baldwin Messtechnik GmbH},
  address = {Darmstadt},
  edition = {B0544-22.0 de},
  month = {August},
  year = {2010},
  note = {Technische Daten},
  owner = {Daniel},
  timestamp = {2011.06.01},
  url = {www.hbm.com/de/}
}

@MANUAL{MessverstaerkersystemHBMG10a,
  title = {Messverstärkersystem MGCplus -- Bedienungsanleitung},
  organization = {Hottinger Baldwin Messtechnik GmbH},
  address = {Darmstadt},
  edition = {B0526-26.0 de},
  month = {August},
  year = {2010},
  note = {Bedienungsanleitung},
  owner = {Daniel},
  timestamp = {2011.05.05},
  url = {www.hbm.com/de/}
}

@MANUAL{SCU-SimpleSG10,
  title = {SCU - Simple Control Unit - USB Interface},
  organization = {SmarAct GmbH},
  address = {Oldenburg, Germany},
  edition = {v0.1},
  month = {Juni},
  year = {2010},
  note = {Programmer's Guide},
  owner = {beckmann},
  timestamp = {2011.08.25}
}

@MANUAL{KraftsensorMG09,
  title = {Kraftsensor KD24S},
  organization = {ME-Messsysteme GmbH},
  address = {Hennigsdorf},
  edition = {v0.1},
  month = {November},
  year = {2009},
  note = {Datenblatt},
  owner = {Daniel},
  timestamp = {2011.06.23},
  url = {www.me-systeme.de}
}

@MANUAL{NucleusCL09,
  title = {Nucleus CI512 cochlear implant with Contour Advance electrode},
  organization = {Cochlear Ltd},
  address = {Lane Cove, Australia},
  edition = {211651 ISS2},
  month = {April},
  year = {2009},
  note = {Surgeon's Guide},
  owner = {Daniel},
  timestamp = {2011.07.05}
}

@MANUAL{NucleusCL09a,
  title = {Nucleus 5 Cochlear Implant (CI512)},
  organization = {Cochlear Ltd},
  address = {Usa},
  edition = {FUN1007 ISS3},
  month = {August},
  year = {2009},
  note = {Technical Specifications},
  owner = {Daniel},
  timestamp = {2011.07.05}
}

@MANUAL{BackedMI08,
  title = {Backed Semiconductor Strain Gages},
  organization = {Micron Instruments},
  address = {Simi Valley, California},
  edition = {v0.1},
  month = {April},
  year = {2008},
  note = {Datenblatt},
  file = {:C\:\\Users\\Daniel\\micron2011.pdf:PDF},
  owner = {Daniel},
  timestamp = {2011.05.05},
  url = {http://www.microninstruments.com/}
}

@MANUAL{NI625xSpecificationsNI07,
  title = {NI 625x Specifications},
  organization = {National Instruments},
  address = {Austin, Texas, USA},
  edition = {371291H-01},
  month = {Juni},
  year = {2007},
  owner = {beckmann},
  timestamp = {2011.08.05},
  url = {www.ni.com}
}

@MANUAL{INA128TI05,
  title = {INA128 -- Precision, Low Power Instrumentation Amplifier},
  organization = {Texas Instruments},
  address = {Dallas, Texas},
  edition = {Rev. B},
  month = {Februar},
  year = {2005},
  note = {Datenblatt},
  owner = {Daniel},
  timestamp = {2011.06.23},
  url = {www.ti.com}
}

@MANUAL{AD620AD04,
  title = {AD620 -- Low Cost Low Power Instrumentation Amplifier},
  organization = {Analog Devices},
  address = {Norwood},
  edition = {Rev. G},
  year = {2004},
  note = {Datenblatt},
  owner = {Daniel},
  timestamp = {2011.06.23},
  url = {www.analog.com}
}

@MANUAL{INA116BC95,
  title = {INA116 -- Ultra Low Input Bias Current Instrumentation Amplifier},
  organization = {Burr-Brown Corporation},
  address = {Tucson, AZ},
  edition = {PDS-1242B},
  month = {Mai},
  year = {1995},
  note = {Datenblatt},
  owner = {Daniel},
  timestamp = {2011.06.05},
  url = {www.ti.com}
}

@STANDARD{DIN1304-1,
  title = {Formelzeichen; Allgemeine Formelzeichen},
  organization = {Deutsches Institut für Normung e. V.},
  type = {Norm},
  number = {DIN 1304-1},
  month = {März},
  year = {1994},
  key = {DIN 1304-1},
  owner = {Daniel},
  timestamp = {2011.06.14}
}

@BOOK{Eichler.2006,
	abstract = {Die vollst{\"a}ndig {\"u}berarbeitete zweite Auflage von Das Neue Physikalische Grundpraktikum ist ein einzigartiges und v{\"o}llig neu konzipiertes Praktikumsbuch, das f{\"u}r alle Physik-Praktika geeignet ist. In 12 Kapiteln mit insgesamt 51 Themenkreisen werden 179 Einzelaufgaben mit Zielsetzung, Literatur, Grundlagen, Zubeh{\"o}r, Me{\ss}aufgabe und Auswertung ausf{\"u}hrlich beschrieben. Anschauliche Piktogramme f{\"u}hren durch das durchgehend zweifarbig gestaltete Buch, um die einzelnen Elemente voneinander abzuheben. Formeln, die zum Grundwissen geh{\"o}ren, und andere wichtige Formeln werden besonders hervorgehoben. Im Buch findet sich ein Lesezeichen mit den verwendeten Piktogrammen, wichtigen Fundamentalkonstanten sowie einem Replika-Gitter zur Spektralanalyse f{\"u}r eigene Versuche. Rundum ein innovatives Buch f{\"u}r alle Studierenden mit Haupt- oder Nebenfach Physik.},
	author = {Eichler, Hans Joachim and Kronfeldt, Heinz-Detlef and Sahm, J{\"u}rgen},
	year = {2006},
	title = {Das neue physikalische Grundpraktikum},
	url = {http://site.ebrary.com/lib/alltitles/docDetail.action?docID=10145474},
	address = {Berlin},
	edition = {Zweite, erweiterte und aktualisierte Auflage},
	publisher = {Springer},
	isbn = {9783540299684},
	series = {Springer-Lehrbuch},
	doi = {10.1007/3-540-29968-8},
	file = {9a531a4e-9414-4025-88b3-a1964c8287ca:C\:\\Users\\Adrian\\AppData\\Local\\Swiss Academic Software\\Citavi 6\\ProjectCache\\ddubl4mdma5jcncmxt34htleb4j45g3jq41mwcwparid\\Citavi Attachments\\9a531a4e-9414-4025-88b3-a1964c8287ca.pdf:pdf}
}


@PROCEEDINGS{InstituteofElectricalandElectronicsEngineers.2015b,
	year = {2015},
	title = {2015 IEEE International Conference on Robotics and Automation (ICRA 2015): Seattle, Washington, USA, 26 - 30 May 2015},
	keywords = {Automatisierungstechnik;ilmpub;Industrieroboter;Seattle {\textless}Wash., 2015{\textgreater}},
	address = {Piscataway, NJ},
	publisher = {IEEE},
	isbn = {978-1-4799-6923-4},
	institution = {{Institute of Electrical and Electronics Engineers} and {IEEE International Conference on Robotics and Automation} and ICRA}
}


@ARTICLE{Jovan.2016,
	abstract = {The efficiency of autonomous robots depends on how well they understand their operating environment. While most of the traditional environment models focus on the spatial representation, long-term mobile robot operation in human populated environments requires that the robots have a basic model of human behaviour. We present a framework that allows us to retrieve and represent aggregate human behaviour in large, populated environments on extended temporal scales. Our approach, based on time-varying Poisson process models and spectral analysis, efficiently retrieves long-term, re-occurring patterns of human activity from robot-gathered observations and uses these patterns to i) predict human activity level at particular times and places and ii) classify locations based on their periodic patterns of activity. The application of our framework on real-world data, gathered by a mobile robot operating in an indoor environment for one month, indicates that its predictive capabilities outperform other temporal modelling methods while being computationally more efficient. The experiment also demonstrates that spectral signatures act as features that allow us to classify room types which semantically match with humans' expectations.},
	author = {Jovan, Ferdian and Wyatt, Jeremy and Hawes, Nick and Krajnik, Tomas},
	year = {2016},
	title = {A Poisson-spectral model for modelling temporal patterns in human data observed by a robot},
	pages = {4013--4018},
	pagination = {page},
	journal = {2016 IEEE/RSJ International Conference on Intelligent Robots and Systems (IROS)},
	doi = {10.1109/iros.2016.7759591},
	file = {https://research.birmingham.ac.uk/portal/files/31791857/poisson_spectralFinal.pdf}
}


@INCOLLECTION{Krajnik.2017,
	author = {Krajnik, Tomas and Fentanes, Jaime P. and Santos, Joao M. and Duckett, Tom},
	title = {FreMEn: Frequency Map Enhancement for Long-Term Mobile Robot Autonomy in Changing Environments},
	pages = {964--977},
	bookpagination = {page},
	volume = {33},
	doi = {10.1109/TRO.2017.2665664},
	file = {a8aa9c36-4bac-4032-a2d8-dd3ae94767c0:C\:\\Users\\Adrian\\AppData\\Local\\Swiss Academic Software\\Citavi 6\\ProjectCache\\ddubl4mdma5jcncmxt34htleb4j45g3jq41mwcwparid\\Citavi Attachments\\a8aa9c36-4bac-4032-a2d8-dd3ae94767c0.pdf:pdf}
}


@INPROCEEDINGS{Krajnik.2014,
	author = {Krajnik, Tomas and Fentanes, Jaime Pulido and Cielniak, Grzegorz and Dondrup, Christian and Duckett, Tom},
	title = {Spectral analysis for long-term robotic mapping},
	pages = {3706--3711},
	bookpagination = {page},
	publisher = {IEEE},
	isbn = {978-1-4799-3685-4},
	booktitle = {IEEE International Conference on Robotics and Automation (ICRA), 2014},
	year = {2014},
	address = {Piscataway, NJ},
	doi = {10.1109/ICRA.2014.6907396},
	file = {http://ieeexplore.ieee.org/document/6907396/}
}


@ARTICLE{Krajnik.2015,
	abstract = {We propose a new idea for life-long mobile robot spatio-temporal exploration of dynamic environments. Our method assumes that the world is subject to perpetual change, which adds an extra, temporal dimension to the explored space and makes the exploration task a never-ending data-gathering process. To create and maintain a spatio-temporal model of a dynamic environment, the robot has to determine not only where, but also when to perform observations. We address the problem by application of information-theoretic exploration to world representations that model the uncertainty of environment states as probabilistic functions of time. We compare the performance of different exploration strategies and temporal models on real-world data gathered over the course of several months and show that combination of dynamic environment representations with information-gain exploration principles allows to create and maintain up-to-date models of constantly changing environments.},
	author = {Krajnik, Tomas and Santos, Joao M. and Duckett, Tom},
	year = {2015},
	title = {Life-long spatio-temporal exploration of dynamic environments},
	pages = {1--8},
	pagination = {page},
	journal = {2015 European Conference on Mobile Robots (ECMR)},
	doi = {10.1109/ecmr.2015.7324052},
	file = {http://eprints.lincoln.ac.uk/17955/1/spatio_temporal_exploration.pdf}
}


@INPROCEEDINGS{Krajnik.2015b,
	author = {Krajnik, Tomas and Kulich, Miroslav and Mudrova, Lenka and Ambrus, Rares and Duckett, Tom},
	title = {Where's waldo at time t ? using spatio-temporal models for mobile robot search},
	pages = {2140--2146},
	bookpagination = {page},
	publisher = {IEEE},
	isbn = {978-1-4799-6923-4},
	booktitle = {2015 IEEE International Conference on Robotics and Automation (ICRA 2015)},
	year = {2015},
	address = {Piscataway, NJ},
	doi = {10.1109/ICRA.2015.7139481},
	file = {http://ieeexplore.ieee.org/document/7139481/}
}


@BOOK{Lakemeyer.2003,
	abstract = {Robotic mapping: a survey / Sebastian Thrun -- D-learning: what learning in dogs tells us about building characters that learn what they ought to learn / Bruce M. Blumberg -- Identifying semantic relations in text / Daniel Gildea, Daniel Jurafsky -- Planning with generic types / Derek Long, Maria Fox -- Bayesian inference of visual motion boundaries / David J. Fleet, Michael J. Black, Oscar Nestares -- Qualitative spatiotemporal represntation and reasoning: a computational perspective / Frank Wolter, Michael Zakharyaschev -- Extending virtual humans to support team training in virtual reality / Jeff Rickel, W. Lewis Johnson -- Understanding belief propagation and its generalizations / Jonathan S. Yedidia, William T. Freeman, Yair Weiss -- Learning theory and language modeling / David McAllester, Robert E. Schapire -- First-order logic Davis-Putnam-Logeman-Loveland procedure / Peter Baumgartner -- New tractable constraint classes from old / David Cohen, Peter Jeavons, Richard Gault -- User-oriented evalutation methods for information retrieval: a case study based on  conceptual models for query expansion / Joana Kek(c){\TH}l(c){\TH}inen and Kalervo J(c){\TH}rvelin -- Data mining for manufacturing control: an application in optimizing IC tests / Tony Fountain, Thomas Dietterich, Bill Sudyka},
	year = {2003},
	title = {Exploring artificial intelligence in the new millennium},
	url = {http://www.loc.gov/catdir/description/els031/2002104301.html},
	address = {San Diego, CA},
	publisher = {{Morgan Kaufmann Publishers}},
	isbn = {1558608117},
	editor = {Lakemeyer, Gerhard and Nebel, Bernhard}
}


@ARTICLE{Milford.2010,
	author = {Milford, Michael and Wyeth, Gordon},
	year = {2010},
	title = {Persistent Navigation and Mapping using a Biologically Inspired SLAM System},
	pages = {1131--1153},
	pagination = {page},
	volume = {29},
	number = {9},
	issn = {0278-3649},
	journal = {The International Journal of Robotics Research},
	doi = {10.1177/0278364909340592}
}


@ARTICLE{Montesano.2008,
	author = {Montesano, Luis and Minguez, Javier and Montano, Luis},
	year = {2008},
	title = {Modeling dynamic scenarios for local sensor-based motion planning},
	pages = {231--251},
	pagination = {page},
	volume = {25},
	number = {3},
	issn = {0929-5593},
	journal = {Autonomous Robots},
	doi = {10.1007/s10514-008-9092-9}
}


@INPROCEEDINGS{NooshinHajiGhassemi.2014,
	abstract = {Gaussian processes are a state-of-the-art method for learning    models from data. Data with an underlying periodic structure appears    in many areas, e.g., in climatology or robotics.  It is often    important to predict the long-term evolution of such a time series,    and to take the inherent periodicity explicitly into account.  In a    Gaussian process, periodicity can be accounted for by an appropriate kernel    choice. However, the standard periodic kernel does not allow for    analytic long-term forecasting, which requires to map distributions    through the Gaussian process.  To address this shortcoming, we re-parametrize the periodic kernel,    which, in combination with a double approximation, allows for    analytic long-term forecasting of a periodic state evolution with    Gaussian processes.  Our model allows for probabilistic long-term forecasting of periodic    processes, which can be valuable in Bayesian decision making,    optimal control, reinforcement learning, and robotics.},
	author = {{Nooshin HajiGhassemi} and {Marc Deisenroth}},
	title = {Analytic Long-Term Forecasting with Periodic Gaussian Processes},
	url = {http://proceedings.mlr.press/v33/hajighassemi14.html},
	pages = {303--311},
	bookpagination = {page},
	volume = {33},
	publisher = {PMLR},
	series = {Proceedings of Machine Learning Research},
	editor = {{Samuel Kaski} and {Jukka Corander}},
	booktitle = {Proceedings of the Seventeenth International Conference on Artificial Intelligence and Statistics},
	year = {2014},
	address = {Reykjavik, Iceland}
}


@INCOLLECTION{Stuede.2020,
	author = {{Marvin St{\"u}de} and {Timo Lerche} and {Martin Alexander Petersen} and {Moritz Schappler} and {Tobias Ortmaier}},
	title = {Behavior Tree-Based Person Search for Symbiotic Autonomous Mobile Robot Tasks},
	booktitle = {2020},
	file = {54b92ace-0e76-4da0-a971-c44fedc05a7c:C\:\\Users\\Adrian\\AppData\\Local\\Swiss Academic Software\\Citavi 6\\ProjectCache\\ddubl4mdma5jcncmxt34htleb4j45g3jq41mwcwparid\\Citavi Attachments\\54b92ace-0e76-4da0-a971-c44fedc05a7c.pdf:pdf}
}

@BOOK{Teschl.2014,
	abstract = {Lernen Sie gerne etwas Langweiliges, von dem Sie nicht wissen, wozu es gut ist? Nein? Wir auch nicht! Deshalb war unser Leitsatz: {\textquotedbl}Mathematik ist praxisrelevant und interessant{\textquotedbl}. In diesem Lehrbuch werden die mathematischen Grundlagen exakt und dennoch anschaulich und gut nachvollziehbar vermittelt. Sie werden durchgehend anhand zahlreicher Musterbeispiele illustriert, durch Anwendungen in der Informatik motiviert und durch historische Hintergr{\"u}nde oder Ausblicke in angrenzende Themengebiete aufgelockert. Am Ende jedes Kapitels befinden sich Kontrollfragen, die das Verst{\"a}ndnis testen und typische Fehler bzw. Missverst{\"a}ndnisse ausr{\"a}umen. Zus{\"a}tzlich helfen zahlreiche Aufw{\"a}rm{\"u}bungen (mit vollst{\"a}ndigem L{\"o}sungsweg) und weiterf{\"u}hrende {\"U}bungsaufgaben das Erlernte zu festigen und praxisrelevant umzusetzen. Dieses Lehrbuch ist daher auch sehr gut zum Selbststudium geeignet. Erg{\"a}nzend wird in eigenen Abschnitten das Computeralgebrasystem Mathematica vorgestellt und eingesetzt, wodurch der Lehrstoff visualisiert und somit das Verst{\"a}ndnis erleichtert werden kann},
	author = {Teschl, Gerald and Teschl, Susanne},
	year = {2014},
	title = {Mathematik f{\"u}r Informatiker: Band 2: Analysis und Statistik},
	address = {Berlin},
	edition = {3., {\"u}berarb. Aufl.},
	publisher = {Springer},
	isbn = {9783642542749},
	series = {eXamen.press},
	doi = {10.1007/978-3-642-54274-9},
	file = {https://external.dandelon.com/download/attachments/dandelon/ids/DE002122CCC97C46E9E04C1257D560043703C.pdf},
	file = {36aaccfe-232b-468c-b550-791159b72422:C\:\\Users\\Adrian\\AppData\\Local\\Swiss Academic Software\\Citavi 6\\ProjectCache\\ddubl4mdma5jcncmxt34htleb4j45g3jq41mwcwparid\\Citavi Attachments\\36aaccfe-232b-468c-b550-791159b72422.pdf:pdf}
}


@BOOK{Wendemuth.2005,
	abstract = {Mit der fl{\"a}chendeckenden Einf{\"u}hrung von Digitalen Signalprozessoren und Rechnern er{\"o}ffnet sich heute eine universell verf{\"u}gbare M{\"o}glichkeit zur Verarbeitung von Signalen von der Kaffeemaschine bis zum Kfz. Die dabei verwendete digitale Signalverarbeitung wird als Verarbeitung deterministischer und auch stochastischer Signale in diesem Buch vorgestellt. Zun{\"a}chst werden physikalische und mathematische Signale und Signalparameter beschrieben, gefolgt von einer Betrachtung analoger zeitkontinuierlicher Systeme. Anschlie{\ss}end werden zeitdiskrete, lineare, zeitinvariante Systeme und die Verarbeitung},
	author = {Wendemuth, Andreas and Andelic, Edin},
	year = {2005},
	title = {Grundlagen der digitalen Signalverarbeitung: Ein mathematischer Zugang},
	url = {http://gbv.eblib.com/patron/FullRecord.aspx?p=1156293},
	address = {Berlin, Heidelberg},
	publisher = {{Springer-Verlag Berlin Heidelberg}},
	isbn = {9783540267706},
	series = {Springer-Lehrbuch},
	doi = {10.1007/b138044},
	file = {https://ebookcentral.proquest.com/lib/gbv/detail.action?docID=1156293},
	file = {c231fc70-e8c2-4ed4-89fb-9a00e0f0f3e7:C\:\\Users\\Adrian\\AppData\\Local\\Swiss Academic Software\\Citavi 6\\ProjectCache\\ddubl4mdma5jcncmxt34htleb4j45g3jq41mwcwparid\\Citavi Attachments\\c231fc70-e8c2-4ed4-89fb-9a00e0f0f3e7.pdf:pdf}
}

@INPROCEEDINGS{Hahnel.2002,
	author = {Hahnel, D. and Schulz, D. and Burgard, W.},
	title = {Map building with mobile robots in populated environments},
	pages = {496--501},
	publisher = {IEEE},
	isbn = {0-7803-7398-7},
	booktitle = {IEEE/RSJ International Conference on Intelligent Robots and System},
	year = {30 Sept.-5 Oct. 2002},
	doi = {10.1109/IRDS.2002.1041439},
	file = {http://ieeexplore.ieee.org/document/1041439/}
}

@comment{jabref-meta: selector_publisher:}

@comment{jabref-meta: selector_author:}

@comment{jabref-meta: selector_journal:}

@comment{jabref-meta: selector_keywords:}

